<record><leader>00000cas a22000007a 4500</leader><controlfield tag="001">13489625</controlfield><controlfield tag="008">860424d18161817pauwr ne      0    0eng d</controlfield><datafield ind1=" " ind2=" " tag="010"><subfield code="a">sn 86079139 </subfield></datafield><datafield ind1=" " ind2=" " tag="040"><subfield code="a">NPU</subfield><subfield code="b">eng</subfield><subfield code="c">NPU</subfield><subfield code="d">NPY</subfield><subfield code="d">NPH</subfield><subfield code="d">NPX</subfield><subfield code="d">NPH</subfield><subfield code="d">OCLCQ</subfield></datafield><datafield ind1=" " ind2=" " tag="042"><subfield code="a">msc</subfield></datafield><datafield ind1="0" ind2=" " tag="130"><subfield code="a">York gazette &amp; public advertiser (York, Pa. : 1816)</subfield></datafield><datafield ind1="1" ind2="0" tag="245"><subfield code="a">York gazete &amp; public advertiser.</subfield></datafield><datafield ind1="3" ind2="0" tag="246"><subfield code="a">York gazette and public advertiser</subfield></datafield><datafield ind1="1" ind2="3" tag="246"><subfield code="a">York gazette</subfield></datafield><datafield ind1=" " ind2=" " tag="260"><subfield code="a">York, Pa. :</subfield><subfield code="b">William C. Harris,</subfield><subfield code="c">1816-1817.</subfield></datafield><datafield ind1=" " ind2=" " tag="300"><subfield code="a">v. ;</subfield><subfield code="c">45 cm.</subfield></datafield><datafield ind1=" " ind2=" " tag="310"><subfield code="a">Weekly</subfield></datafield><datafield ind1="0" ind2=" " tag="362"><subfield code="a">Vol. 1, no. 48 (Apr. 4, 1816)-v. 2, no. 95 (Mar. 13, 1817).</subfield></datafield><datafield ind1=" " ind2=" " tag="500"><subfield code="a">Published on Thursday.</subfield></datafield><datafield ind1=" " ind2=" " tag="752"><subfield code="a">United States</subfield><subfield code="b">Pennsylvania</subfield><subfield code="c">York</subfield><subfield code="d">York.</subfield></datafield><datafield ind1="0" ind2="0" tag="780"><subfield code="t">York gazette (York, Pa. : 1815)</subfield><subfield code="w">(DLC)sn 85054720</subfield></datafield><datafield ind1="0" ind2="0" tag="785"><subfield code="t">York gazette (York, Pa. : 1817)</subfield><subfield code="w">(DLC)sn 85038333</subfield></datafield></record>